@thesis{yokoji:awf_impinging_jet,
	author = {横治克洋 and 須賀一彦},
	title = {解析的壁関数を組み合わせた三次非線形$k-\epsilon$モデルによる複雑流動場の乱流数値解析},
	publisher = {大阪府立大学},
	year = {2009},
}

@article{suga:awf,
	author = {須賀一彦},
	title = {汎用的な解析的壁関数モデル　(第1報, 滑面～粗面乱流に対応した流れ場のモデル)},
	publisher = {日本機械学会論文集(B編)},
	volume = {71},
	number = {711},
	pages = {113-121},
	year = {2005},
}

@article{suga:rans,
	author = {須賀一彦},
	title = {RANS乱流解析のための解析的壁関数モデルの進展},
	publisher = {日本流体力学会},
	pages = {247-254},
	volume = {25},
	number = {3},
	year = {2016},
}

@article{saijo:saijo_wf,
	author = {Katsuya Saijyo and Yoshinori Ishii and Teruyuki Takashima},
	title = {CFD Analysis of Spray-Wall Interaction under Evaporating Condition},
	publisher = {SAE International},
	year = {2015},
}

@article{shimo,
	author = {志茂 大輔 and 加藤 雄大 and Kim Sang-kyu and 宮崎 正浩 and 神崎 淳 and 西田 恵哉},
	title = {燃焼室壁に衝突するディーゼル噴霧による縦渦形成と燃焼過程},
	publisher = {日本機械学会・自動車技術会内燃機関シンポジウム講演論文集},
	volume = {22},
	year = {2011},
	pages = {67-72}
}

@article{kosaka:swing,
	author = {小坂 英雅 and 脇坂 佳史 and 野村 佳洋 and 堀田 義博 and 小池 誠 and 中北 清己 and 川口 暁生},
	title = {壁温スイング遮熱法によるエンジンの熱損失低減},
	publisher = {自動車技術会論文集},
	volume = {44},
	number = {1},
	pages = {39-44},
	year = {2013},
}

@Book{openCAE:OpenFOAM_analysys,
 title = {OpenFOAMによる熱移動と流れの数値解析},
 publisher = {森北出版株式会社},
 year = {2016},
 author = {春日 悠 and 今野 雅},
 editor = {一般社団法人 オープンCAE学会},
}

@Book{ootake:nensyou,
	title = {燃焼工学},
	publisher = {コロナ社},
	year = {1985},
	author = {大竹一友 and 藤原俊隆},
	editor = {松下 洋介 and 齋藤 泰洋 and 青木 秀之 and 三浦 隆利},
}

@Book{matsusita:fluid_dynamics,
	title = {数値流体力学【第2版】},
	publisher = {森北出版株式会社},
	year = {2016},
	author = {H.K.Versteeg and W.Malalasekera},
	editor = {松下 洋介 and 齋藤 泰洋 and 青木 秀之 and 三浦 隆利},
}

@article{yakhot:rng-keps,
	author = {V. Yakhot and S. A. Orszag and S. Thangam and T. B. Gatski and C. G. Speziale},
	title = {Development of turbulence models for shear flows by a double expansion technique},
	publisher = {Physics of Fluids A: Fluid Dynamics},
	volume = {4},
	number = {7},
	pages = {1510-1520},
	year = {1992},
}

@article{launder:keps,
	author = {B.E. Launder.s D.B. palding},
	title = {The numerical computation of turbulent flows},
	publisher = {Computer Methods in Applied Mechanics and Engineering},
	volume = {3},
	number = {2},
	pages = {269-289},
	year = {1974},
}

@article{Magnus:openFOAM,
	author = {Magnus Winter},
	title = {Benchmark and validation of Open Source CFD codes, with focus on compressible and rotating capabilities, for	integration on the SimScale platform.},
	publisher = {Chalmers University of Technology},
	year = {2013},
}


@article{machida:diesel,
	author = {Kazuya MACHIDA and Soichi HATORI and Tsukasa HORI and Jiro SENDA},
	title = {Optimization of Breakup Model Using LES of Diesel Spray},
	publisher = {Atomization and Sprays},
	volume = {22},
	number = {1},
	pages = {57-77},
	year = {2012},
}

@article{honma:channel_dns,
	author = {本間 圭佑 and 河村 洋 and 松尾 祐一},
	title = {周期的圧力勾配を付加した平行平板間非定常乱流のDNS},
	publisher = {日本機械学会論文集},
	volume = {69},
	number = {587},
	year = {1995},
}

@article{Issa:piso,
	author = {R. I. Issa},
	title = {Solution of the Implicitly Discretised Fluid Flow Equations by Operator-Spllitting},
	publisher = {Journal of Computational Physics},
	volume = {62},
	number = {1},
	pages = {40-65},
	year = {1988},
}

@article{patankar:simple,
	author = {S.V.PATANKAR and D.B.SPALDING},
	title = {A CALCLATION PROCEDURE FOR HEAT, MASS AND MOMENTUM TRANSFER IN THREE-DIMENSIONAL PARABOLIC FLOWS},
	publisher = {In. J. Heat Mass Transfer},
	year = {1972},
	pages = {1787-1896},
	volume = {15}
}

@article{takaghi:ddm,
	author = {高木 正英},
	title = {燃料噴霧の数値シミュレーションモデル},
	publisher = {日本エンジニアリング学会誌},
	year = {2009},
	pages = {49-54},
	volume = {44}
}

@article{rourke:tab,
	author = {P. J. O'Rourke and A. Amsden},
	title = {The TAB Method for Numerical Calculation of Spray Drop Breakup},
	publisher = {SAE paper},
	year = {1987},
	pages = {49-54},
	volume = {44}
}

@article{wang:non-equilibrium_wf,
	author = {Meng Wang and Parviz Moin},
	title = {Dynamic wall modeling for large-eddy simulation of complex turbulent flows},
	publisher = {PHYSICS OF FLUIDS},
	year = {2002},
	pages = {2043-2051},
	volume = {14}
}

@article{cabot:non-equilibrium_wf,
	author = {W. CABOT and P.MOIN},
	title = {Approximate Wall Boundary Conditions in the Large-Eddy Simulation of High Reynolds Number Flow},
	publisher = {Flow Turbulence and Combustion},
	year = {2000},
	pages = {269-291},
	volume = {63},
	number = {269-291}
}

@article{kawai:non-equilibrium_wf,
	author = {河合宗司},
	title = {LESにおけるダイナミック非平衡壁面モデルの提案：高レイノルズ数剥離流れの予測},
	publisher = {第44回流体力学講演会/航空宇宙数値シミュレーション技術シンポジウム2012論文集},
	year = {2012},
	pages = {7-12},
}

@article{wall_jet:exp,
  author={Gilles Bruneaux},
  publisher={SAE International},
  title={Mixing Process in High Pressure Diesel Jets by Normalized Laser Induced Exciplex Fluorescence Part II: Wall Impinging Versus Free Jet}, 
  year={2005},
}

@article{yakhot:rng,
  author={V. Yakhot and S. A. Orszag and S. Thangam and T. B. Gatski, and C. G. Speziale},
  title = {Development of turbulence models for shear flows by a double expansion technique},
  publisher = {Physics of Fluids A (ISSN 0899-8213)},
  volume = {4},
  number = {7},
  year = {1992},
  pages = {1510-1520}
}
